<record><leader>00000cas a2200000 a 4500</leader><controlfield tag="001">4083846</controlfield><controlfield tag="008">780725c19259999couwn ne      0   a0eng c</controlfield><datafield ind1=" " ind2=" " tag="010"><subfield code="a">sn 78004151 </subfield></datafield><datafield ind1=" " ind2=" " tag="040"><subfield code="a">HUL</subfield><subfield code="b">eng</subfield><subfield code="c">HUL</subfield><subfield code="d">NSD</subfield><subfield code="d">CNQ</subfield><subfield code="d">YOX</subfield><subfield code="d">HLS</subfield><subfield code="d">NYS</subfield><subfield code="d">OCLCQ</subfield><subfield code="d">OCLCF</subfield><subfield code="d">OCLCO</subfield></datafield><datafield ind1=" " ind2=" " tag="012"><subfield code="k">1</subfield><subfield code="m">1</subfield></datafield><datafield ind1="1" ind2=" " tag="022"><subfield code="a">0047-0511</subfield><subfield code="l">0047-0511</subfield><subfield code="2">1</subfield></datafield><datafield ind1=" " ind2=" " tag="032"><subfield code="a">266540</subfield><subfield code="b">USPS</subfield></datafield><datafield ind1=" " ind2=" " tag="042"><subfield code="a">pcc</subfield><subfield code="a">nsdp</subfield></datafield><datafield ind1=" " ind2=" " tag="043"><subfield code="a">n-us-co</subfield></datafield><datafield ind1=" " ind2="0" tag="222"><subfield code="a">Intermountain Jewish news</subfield></datafield><datafield ind1="0" ind2="0" tag="245"><subfield code="a">Intermountain Jewish news.</subfield></datafield><datafield ind1=" " ind2=" " tag="260"><subfield code="a">Denver, Colo. :</subfield><subfield code="b">Central Jewish Council</subfield></datafield><datafield ind1=" " ind2=" " tag="300"><subfield code="a">v. :</subfield><subfield code="b">ill. ;</subfield><subfield code="c">43 cm.</subfield></datafield><datafield ind1=" " ind2=" " tag="310"><subfield code="a">Weekly (except semiweekly week of July 15),</subfield><subfield code="b">&lt;June 17, 1988&gt;-</subfield></datafield><datafield ind1=" " ind2=" " tag="321"><subfield code="a">Weekly,</subfield><subfield code="b">Oct. 15, 1925-&lt;June 1988&gt;</subfield></datafield><datafield ind1="0" ind2=" " tag="362"><subfield code="a">Vol. 11, no. 42 (Oct. 15, 1925)-</subfield></datafield><datafield ind1=" " ind2=" " tag="515"><subfield code="a">Various mistakes in numbering.</subfield></datafield><datafield ind1=" " ind2=" " tag="530"><subfield code="a">Available on microfilm from the Colorado Historical Society and the American Jewish Periodical Center, Cincinnati, OH.</subfield></datafield><datafield ind1=" " ind2=" " tag="588"><subfield code="a">Latest issue consulted: Vol. 88, no. 16 (Apr. 18, 2003).</subfield></datafield><datafield ind1=" " ind2="0" tag="650"><subfield code="a">Jewish newspapers</subfield><subfield code="z">Colorado</subfield><subfield code="z">Denver.</subfield></datafield><datafield ind1=" " ind2="0" tag="650"><subfield code="a">Jewish newspapers</subfield><subfield code="z">Wyoming.</subfield></datafield><datafield ind1=" " ind2="0" tag="650"><subfield code="a">Jews</subfield><subfield code="z">United States</subfield><subfield code="x">Ethnic identity</subfield><subfield code="v">Newspapers.</subfield></datafield><datafield ind1=" " ind2="0" tag="651"><subfield code="a">Denver (Colo.)</subfield><subfield code="v">Newspapers.</subfield></datafield><datafield ind1=" " ind2="7" tag="655"><subfield code="a">Newspapers.</subfield><subfield code="2">fast</subfield><subfield code="0">(OCoLC)fst01423814</subfield></datafield><datafield ind1=" " ind2="7" tag="650"><subfield code="a">Jewish newspapers.</subfield><subfield code="2">fast</subfield><subfield code="0">(OCoLC)fst00982872</subfield></datafield><datafield ind1=" " ind2="7" tag="650"><subfield code="a">Jews</subfield><subfield code="x">Identity.</subfield><subfield code="2">fast</subfield><subfield code="0">(OCoLC)fst00983278</subfield></datafield><datafield ind1=" " ind2="7" tag="651"><subfield code="a">Colorado</subfield><subfield code="z">Denver.</subfield><subfield code="2">fast</subfield><subfield code="0">(OCoLC)fst01205192</subfield></datafield><datafield ind1=" " ind2="7" tag="651"><subfield code="a">United States.</subfield><subfield code="2">fast</subfield><subfield code="0">(OCoLC)fst01204155</subfield></datafield><datafield ind1=" " ind2="7" tag="651"><subfield code="a">Wyoming.</subfield><subfield code="2">fast</subfield><subfield code="0">(OCoLC)fst01204583</subfield></datafield><datafield ind1=" " ind2=" " tag="752"><subfield code="a">United States</subfield><subfield code="b">Colorado</subfield><subfield code="c">Denver</subfield><subfield code="d">Denver.</subfield></datafield><datafield ind1="0" ind2="0" tag="780"><subfield code="t">Denver Jewish news</subfield><subfield code="w">(DLC)sn 91052360</subfield><subfield code="w">(OCoLC)11174427</subfield></datafield><datafield ind1="4" ind2="1" tag="856"><subfield code="u">http://ijn.com</subfield></datafield></record>